<record><leader>00000cas a22000007a 4500</leader><controlfield tag="001">22162491</controlfield><controlfield tag="008">900731d19731974mnuwr ne      0    0eng d</controlfield><datafield ind1=" " ind2=" " tag="010"><subfield code="a">sn 90059997 </subfield></datafield><datafield ind1=" " ind2=" " tag="040"><subfield code="a">MN#</subfield><subfield code="b">eng</subfield><subfield code="c">MN#</subfield><subfield code="d">OCLCQ</subfield><subfield code="d">OCLCF</subfield><subfield code="d">OCLCO</subfield></datafield><datafield ind1="1" ind2=" " tag="029"><subfield code="a">AU@</subfield><subfield code="b">000025899846</subfield></datafield><datafield ind1=" " ind2=" " tag="042"><subfield code="a">msc</subfield></datafield><datafield ind1=" " ind2=" " tag="043"><subfield code="a">n-us-mn</subfield></datafield><datafield ind1=" " ind2=" " tag="052"><subfield code="a">4144</subfield><subfield code="b">E3</subfield><subfield code="b">B4</subfield><subfield code="b">S76</subfield></datafield><datafield ind1=" " ind2=" " tag="052"><subfield code="a">4143</subfield><subfield code="b">A5</subfield></datafield><datafield ind1="0" ind2=" " tag="130"><subfield code="a">Midweek sun (Edina, Minn. : Blaine Spring Lake Park ed.)</subfield></datafield><datafield ind1="0" ind2="0" tag="245"><subfield code="a">Midweek sun.</subfield></datafield><datafield ind1="1" ind2="3" tag="246"><subfield code="a">Blaine Spring Lake midweek sun.</subfield></datafield><datafield ind1=" " ind2=" " tag="260"><subfield code="a">Edina, Minn. :</subfield><subfield code="b">Sun Newspapers,</subfield><subfield code="c">1973-1974.</subfield></datafield><datafield ind1=" " ind2=" " tag="300"><subfield code="a">v.</subfield></datafield><datafield ind1=" " ind2=" " tag="310"><subfield code="a">Weekly</subfield></datafield><datafield ind1="0" ind2=" " tag="362"><subfield code="a">Vol. 50, no. 1 (June 6, 1973)-v. 50, no. 10 (Aug. 8, 1973) ; v. 91, no. 7 (Aug. 15, 1973)-v. 92, no. 7 (Aug. 14, 1974).</subfield></datafield><datafield ind1=" " ind2=" " tag="530"><subfield code="a">Available on microfilm from the Minnesota Historical Society.</subfield></datafield><datafield ind1=" " ind2=" " tag="580"><subfield code="a">Merged with: Midweek sun (Edina, Minn. : Columbia Heights ed.), and: Midweek sun (Edina, Minn. : Coon Rapids ed.), and: Midweek sun (Edina, Minn. : Fridley ed.), and: Midweek sun (Edina, Minn. : St. Anthony ed.), to form: Suburban midweek sun (Fridley, Minn. : Columbia Heights ed.).</subfield></datafield><datafield ind1=" " ind2="0" tag="651"><subfield code="a">Edina (Minn.)</subfield><subfield code="v">Newspapers.</subfield></datafield><datafield ind1=" " ind2="0" tag="651"><subfield code="a">Blaine (Minn.)</subfield><subfield code="v">Newspapers.</subfield></datafield><datafield ind1=" " ind2="0" tag="651"><subfield code="a">Spring Lake Park (Minn.)</subfield><subfield code="v">Newspapers.</subfield></datafield><datafield ind1=" " ind2="7" tag="655"><subfield code="a">Newspapers.</subfield><subfield code="2">fast</subfield><subfield code="0">(OCoLC)fst01423814</subfield></datafield><datafield ind1=" " ind2="7" tag="651"><subfield code="a">Minnesota</subfield><subfield code="z">Blaine.</subfield><subfield code="2">fast</subfield><subfield code="0">(OCoLC)fst01220169</subfield></datafield><datafield ind1=" " ind2="7" tag="651"><subfield code="a">Minnesota</subfield><subfield code="z">Edina.</subfield><subfield code="2">fast</subfield><subfield code="0">(OCoLC)fst01220182</subfield></datafield><datafield ind1=" " ind2="7" tag="651"><subfield code="a">Minnesota</subfield><subfield code="z">Spring Lake Park.</subfield><subfield code="2">fast</subfield><subfield code="0">(OCoLC)fst01273357</subfield></datafield><datafield ind1=" " ind2=" " tag="752"><subfield code="a">United States</subfield><subfield code="b">Minnesota</subfield><subfield code="c">Hennepin</subfield><subfield code="d">Edina.</subfield></datafield><datafield ind1=" " ind2=" " tag="752"><subfield code="a">United States</subfield><subfield code="b">Minnesota</subfield><subfield code="c">Anoka</subfield><subfield code="d">Blaine.</subfield></datafield><datafield ind1=" " ind2=" " tag="752"><subfield code="a">United States</subfield><subfield code="b">Minnesota</subfield><subfield code="c">Anoka</subfield><subfield code="d">Spring Lake Park.</subfield></datafield><datafield ind1="0" ind2="0" tag="780"><subfield code="t">Spring Lake Park-Blaine sun</subfield><subfield code="w">(DLC)sn 90059854</subfield></datafield><datafield ind1="1" ind2="7" tag="785"><subfield code="t">Midweek sun (Edina, Minn. : Columbia Heights ed.)</subfield><subfield code="w">(DLC)sn 90060019</subfield></datafield><datafield ind1="1" ind2="7" tag="785"><subfield code="t">Midweek sun (Edina, Minn. : Coon Rapids ed.)</subfield><subfield code="w">(DLC)sn 90060045</subfield></datafield><datafield ind1="1" ind2="7" tag="785"><subfield code="t">Midweek sun (Edina, Minn. : Fridley ed.)</subfield><subfield code="w">(DLC)sn 90060022</subfield></datafield><datafield ind1="1" ind2="7" tag="785"><subfield code="t">Midweek sun (Edina, Minn. : St. Anthony ed.)</subfield><subfield code="w">(DLC)sn 90060021</subfield></datafield><datafield ind1="1" ind2="7" tag="785"><subfield code="t">Suburban midweek sun (Fridley, Minn. : Columbia Heights ed.)</subfield><subfield code="w">(DLC)sn 90060020</subfield></datafield></record>